<record><leader>00000cas a22000007a 4500</leader><controlfield tag="001">20818462</controlfield><controlfield tag="008">891226d190u1910nduwr ne      0    0eng d</controlfield><datafield ind1=" " ind2=" " tag="010"><subfield code="a">sn 89074435 </subfield></datafield><datafield ind1=" " ind2=" " tag="040"><subfield code="a">NOP</subfield><subfield code="b">eng</subfield><subfield code="c">NOP</subfield><subfield code="d">OCLCQ</subfield></datafield><datafield ind1=" " ind2=" " tag="042"><subfield code="a">msc</subfield></datafield><datafield ind1="0" ind2="0" tag="245"><subfield code="a">Buffalo express and the Alice avalanche.</subfield></datafield><datafield ind1=" " ind2=" " tag="260"><subfield code="a">Buffalo, Cass Co., N.D. :</subfield><subfield code="b">Ben. J. Stoelting</subfield></datafield><datafield ind1=" " ind2=" " tag="300"><subfield code="a">v. :</subfield><subfield code="b">ill. ;</subfield><subfield code="c">54 cm.</subfield></datafield><datafield ind1=" " ind2=" " tag="310"><subfield code="a">Weekly</subfield></datafield><datafield ind1="0" ind2=" " tag="362"><subfield code="a">-v. 21, no. 29 (Sept. 9, 1910).</subfield></datafield><datafield ind1=" " ind2=" " tag="500"><subfield code="a">Official County paper, 1906-1907, 1909.</subfield></datafield><datafield ind1=" " ind2=" " tag="530"><subfield code="a">Available on microfilm from the State Historical Society of North Dakota.</subfield></datafield><datafield ind1=" " ind2=" " tag="588"><subfield code="a">Description based on: Vol. 16, no. 9 (Apr. 27, 1905).</subfield></datafield><datafield ind1=" " ind2=" " tag="752"><subfield code="a">United States</subfield><subfield code="b">North Dakota</subfield><subfield code="c">Cass</subfield><subfield code="d">Buffalo.</subfield></datafield><datafield ind1="0" ind2="4" tag="780"><subfield code="t">Buffalo express (Buffalo, N.D. : 1893)</subfield><subfield code="w">(DLC)sn 89074434</subfield></datafield><datafield ind1="0" ind2="4" tag="780"><subfield code="t">Alice avalanche</subfield><subfield code="w">(DLC)sn 89074436</subfield></datafield><datafield ind1="0" ind2="0" tag="785"><subfield code="t">Buffalo express (Buffalo, N.D. : 1910)</subfield><subfield code="w">(DLC)sn 89074437</subfield></datafield><datafield ind1="1" ind2=" " tag="029"><subfield code="a">AU@</subfield><subfield code="b">000025874948</subfield></datafield></record>